1930 3308
289 91 345 130 ι76
923 85 1320 125 COMMENT.

141 166 203 196 Era.
242 174 281 201 30·
289 150 426 187 diuersus
436 147 538 184 senius
549 147 652 195 magis
663 153 809 192 receptus
817 141 938 192 est‚ego
947 155 1024 178 eum
1036 143 1173 177 libenter
1181 137 1462 189 amplectonqubd
1472 138 1588 174 scilicet
1600 137 1757 181 Dauidtad
1771 137 1864 187 spem

144 216 170 236 c.
184 214 219 240 15-

290 203 322 234 ὅ(
331 199 428 234 tolera
434 201 531 231 ntiarn
541 208 601 230 nos
611 194 820 229 horteturNa
828 191 938 227 Iesaias
948 189 1173 239 quoquespem
1185 189 1308 224 silentio
1318 189 1487 236 coniungit
1497 188 1612 222 eodem
1624 186 1723 222 sensu.
1751 185 1866 222 Postea

291 249 406 294 repetit
420 244 509 292 quod
519 244 638 277 dixerat
649 245 756 290 primo
770 239 858 276 versu
868 263 879 279 ,
898 241 954 274 Ne
966 237 1179 274 succenseasin
1196 237 1332 272 homine
1343 239 1392 272 uui
1410 234 1559 283 prospere
1576 235 1731 271 succedit,
1744 236 1794 268 vel
1806 239 1864 282 qui

289 298 355 329 vias
365 294 432 326 suas
443 292 586 338 perducit
597 290 634 324 ad
645 288 824 337 optabilem
834 287 1014 326 successum,
1025 291 1056 322 &
1067 288 1100 320 in
1110 289 1181 321 viro
1191 284 1338 321 scelerate
1348 284 1377 320 se
1385 294 1524 332 gerente,
1535 284 1585 318 vel
1598 293 1779 330 exequente
1787 295 1867 317 con-

288 340 454 387 filia:quod
466 339 637 372 secundum
650 339 763 373 melius
774 337 904 384 quadrat
914 335 1184 370 cotextuiffiateor
1193 333 1324 381 quidem
1337 345 1460 367 nomen
1473 339 1592 373 namn
1606 330 1711 379 saepius
1721 332 1822 377 accipi
1833 333 1866 366 in

288 389 403 424 malam
417 398 539 434 partem
549 399 608 434 pro
618 385 776 427 fraudibus
785 389 818 419 ὃς
826 382 1026 431 captionibus
1035 382 1204 416 noxiis:sed
1214 394 1315 430 quum
1329 387 1394 421 001
1407 382 1564 416 interdum
1576 380 1765 428 generaliter
1776 381 1872 425 cogi-

295 447 361 471 tare
370 433 655 481 fignificet‚sensum
670 434 752 468 hunc
761 434 900 467 admittit
916 432 1031 477 linguae
1049 429 1212 465 Hebraicae
1227 433 1402 477 proprietas
1412 451 1421 466 ‚
1431 440 1465 463 vt
1476 431 1588 463 Facere
1597 426 1725 463 consilia
1735 437 1865 461 tantun-

295 484 373 518 dem
385 483 483 516 valeat
497 494 590 530 atque
601 481 751 530 perficere
762 480 848 527 quod
859 481 931 525 quis
944 479 1060 512 statuit.
1078 478 1204 513 Gallice
1214 478 1350 513 dicimus
1359 500 1369 515 ‚
1387 481 1475 512 venir
1485 474 1505 512 ci
1513 476 1580 511 bont
1587 476 1675 520 deses
1682 477 1867 524 entrepnfes.

296 531 455 566 Videmus
467 542 572 565 autem
584 530 648 564 haec
659 530 724 563 duo
734 528 967 565 conneEciwias
979 525 1045 560 suas
1054 538 1091 559 ex
1101 528 1199 560 animi
1209 536 1290 560 voto
1301 527 1534 572 disponere,vel
1546 524 1754 562 secundare,&
1764 520 1867 558 facere

296 578 434 613 consilia.
449 580 576 613 Durum
589 580 674 612 enim
686 577 760 610 hinc
772 575 949 610 scandalum
961 572 1056 608 nobis
1071 574 1235 612 obiicitur,
1247 573 1301 608 vbi
1313 576 1423 619 impiis
1434 574 1549 607 arridet
1559 571 1730 611 fortuna‚ac
1742 570 1762 605 fi
1773 572 1867 606 Deus

297 630 472 674 impiorum
483 625 648 661 sceleribus
657 623 773 658 faueret
783 637 792 656 ε
804 623 872 656 imo
884 625 917 655 in
926 620 1023 655 nobis
1032 633 1107 656 tunc
1121 623 1301 656 accenditur
1313 622 1508 667 indignatio.
1535 624 1648 666 Itaque
1659 618 1767 654 Dauid
1777 619 1868 654 breui

296 675 524 709 admonitione
535 686 601 708 non
613 672 926 718 cotentusqarohxius
941 672 972 703 in
982 670 1038 704 hac
1049 682 1082 704 re
1091 668 1279 704 insistitnon
1287 672 1373 703 enim
1385 668 1541 716 superflua
1551 667 1597 703 est
1607 668 1778 702 verborum
1790 679 1871 701 con-

301 725 404 770 geries
415 734 482 769 quae
495 734 646 769 proximo
656 719 742 755 versu
753 718 1138 766 sequitur‚vb1iracundiae
1150 716 1280 752 fraenum
1295 718 1395 752 iniicit
1404 741 1415 756 ‚
1426 717 1568 751 furorem
1577 714 1672 753 sedat,
1681 719 1713 750 δι
1723 715 1873 761 indigna-

299 775 425 805 tionem
437 773 573 815 mitigat:
587 767 639 803 sed
649 770 738 815 plura
751 768 904 804 remedia,
914 776 948 800 vt
957 765 1077 800 necesse
1087 767 1140 802 est,
1151 766 1187 800 ad
1198 765 1349 800 morbum
1359 763 1521 800 difficilem
1533 775 1637 799 curatu
1647 761 1787 798 adhibet.
1811 765 1875 797 At-

301 831 363 865 que
375 817 437 853 hoc
448 819 550 851 modo
561 820 658 863 quam
670 815 836 850 irritabiles
845 813 938 848 fimus
949 817 980 847 δε
990 813 1135 861 propensi
1145 815 1181 848 ad
1193 813 1392 860 cocipiendas
1405 811 1536 848 offensas
1544 835 1554 852 ‚
1564 809 1788 850 admonermifi
1799 810 1876 847 stre-

300 867 363 902 nue
374 864 735 902 {uetand0‚turbu1entos
746 861 871 897 nostros
885 860 1014 896 affectus
1024 864 1055 896 in
1067 859 1256 909 obsequium
1269 864 1562 908 cogamus-Qauis
1572 862 1645 895 aute
1655 872 1720 894 non
1729 858 1792 893 fine
1803 873 1876 894 mo·
1926 846 1930 873 ξ

299 914 386 950 lestia
396 917 426 947 ὃ(
439 912 552 947 sudore
562 915 662 946 carnis
671 916 812 958 impetus
821 910 966 957 subigant
975 908 1096 949 fideles,
1106 910 1160 944 vbi
1175 922 1233 943 eos
1244 909 1281 943 ad
1291 912 1489 955 impatientia
1498 907 1635 943 stimulat
1647 911 1790 954 impiorsi
1802 921 1876 955 pro-

302 961 430 1010 speritas
441 959 525 999 ‚haec
533 972 639 994 tamen
649 961 799 1007 repetitio
810 961 842 992 in
853 960 936 1009 lucta
946 956 1207 1005 perseuerandum
1226 955 1286 992 effe
1303 958 1414 991 docet:
1425 960 1499 1004 quia
1515 956 1537 989 si
1555 955 1734 991 constanter
1752 957 1875 1002 perlic-

302 1023 386 1047 mus,
397 1021 462 1043 non
473 1010 550 1042 irriti
560 1007 689 1042 tandem
703 1017 792 1041 erunt
803 1005 902 1040 nostri
913 1007 1215 1040 conatus-Vltimam
1228 1005 1410 1051 particulam
1421 1004 1506 1039 secus
1517 1008 1706 1052 interpretor
1718 1007 1814 1051 quam
1824 1016 1875 1038 re-
1926 1024 1930 1035 .

295 1059 516 1105 liquizvertunt
526 1053 738 1101 enimfivlaem
749 1053 792 1088 ad
799 1051 997 1101 peccandum,
1008 1066 1043 1087 ac
1055 1053 1075 1088 fi
1086 1053 1207 1088 iuberet
1218 1055 1321 1088 Dauid
1332 1056 1411 1087 iram
1423 1055 1581 1100 mitigare,
1592 1056 1677 1096 nead
1687 1052 1873 1087 nocendum

296 1104 505 1155 prosiliatSed
515 1116 612 1151 quum
623 1110 677 1157 *¹8
688 1103 758 1149 sepe
768 1100 904 1136 affirmet
915 1103 994 1148 apud
1005 1102 1173 1139 Hebraeos,
1186 1104 1230 1136 no
1242 1101 1357 1135 dubito
1372 1103 1452 1148 quin
1461 1100 1570 1135 Dauid
1581 1112 1688 1148 potius
1697 1099 1878 1134 doceat-fie-

305 1159 331 1189 ri
343 1154 431 1187 aliter
449 1164 514 1186 non
523 1149 682 1198 possmus}
692 1151 796 1184 statim
807 1163 840 1184 ac
850 1151 994 1184 celeriter
1011 1148 1097 1184 offen
1104 1149 1180 1184 fioni
1193 1151 1304 1184 nostrae
1316 1151 1511 1183 occurrimus
1521 1172 1531 1188 ,
1541 1162 1619 1196 quin
1630 1150 1666 1182 ad
1679 1151 1876 1195 peccandum

305 1215 366 1236 uos
376 1200 516 1247 impellat
527 1213 535 1232 :
546 1198 632 1234 sicuti
645 1201 676 1233 in
685 1200 748 1233 alio
759 1198 884 1233 Psalmo
902 1197 1026 1238 dicitur,
1039 1199 1218 1245 Abrumpet
1236 1200 1326 1232 Deus
1337 1196 1429 1231 funes
1439 1199 1626 1245 impiorum,
1637 1210 1676 1232 ne
1686 1195 1754 1231 iusti
1765 1209 1874 1232 manus

305 1250 372 1285 suas
383 1248 421 1284 ad
434 1251 632 1294 iniquitatem
642 1246 824 1281 extendant.

334 1310 355 1341 9
383 1297 539 1343 Quoniam
547 1296 669 1342 improbi
678 1293 869 1329 excidentur.
899 1295 979 1329 Non
991 1294 1047 1328 abs
1056 1306 1090 1328 re
1100 1293 1185 1328 idem
1197 1294 1302 1341 saepius
1313 1294 1445 1328 inculcat
1455 1317 1465 1332 ‚
1477 1295 1578 1328 laetam
1591 1296 1622 1328 δι
1634 1292 1802 1327 secundam
1813 1290 1880 1327 for-

157 1363 227 1396 Psal.
246 1372 296 1398 ης,
309 1357 419 1381 tunam
431 1356 492 1390 qua
502 1346 666 1389 potiuntur
677 1342 765 1389 impij
779 1364 789 1380 ‚
807 1342 885 1376 nihil
896 1343 956 1377 effe
966 1341 1050 1376 aliud
1059 1341 1155 1387 quam
1166 1343 1282 1376 laruam
1294 1354 1344 1376 aut
1362 1340 1518 1389 spectrum
1530 1344 1602 1388 quia
1613 1353 1735 1387 primus
1746 1344 1880 1375 intuitus

159 1414 208 1441 «ἦ.

310 1393 414 1428 sensus
424 1391 549 1425 nostros
560 1401 692 1437 occupat
704 1403 743 1423 ne
752 1389 789 1423 ad
804 1395 923 1424 exitum
936 1389 1177 1428 attendit,vnde
1189 1391 1340 1425 iudicium
1353 1389 1421 1423 sieri
1433 1389 1532 1424 decet.
1556 1390 1708 1424 Notanda
1718 1400 1821 1422 autem
1835 1386 1881 1423 est

307 1438 469 1477 antithesis
482 1441 562 1472 inter
575 1440 640 1472 duo
650 1437 806 1472 membra.
816 1440 903 1472 Prius
914 1440 1032 1485 impios
1043 1439 1180 1472 excisum
1192 1441 1228 1472 iri
1241 1441 1460 1484 pronuntianS,
1471 1437 1622 1485 fignificat
1633 1439 1734 1471 virere
1743 1441 1774 1471 ἃ
1785 1435 1884 1472 flore-

310 1503 344 1525 re
355 1490 459 1523 donec
470 1497 628 1520 maturum
640 1486 787 1520 adueniat
798 1487 909 1530 excidij
919 1497 1057 1533 tempus.
1094 1487 1224 1521 Deinde
1234 1485 1379 1520 fidelibus
1392 1497 1502 1520 terram
1521 1486 1719 1520 haereditario
1729 1490 1794 1519 iure
1806 1484 1880 1519 affi-

311 1549 424 1621 ¹{nans
436 1534 585 1582 intelligit
594 1533 633 1567 iic
645 1535 839 1571 vi&uros‚vt
849 1530 914 1569 Dei
927 1534 1113 1569 benedictio
1125 1546 1180 1568 eos
1190 1534 1226 1569 ad
1237 1545 1374 1569 mortem
1386 1534 1482 1581 Vsque
1500 1533 1713 1580 prosequatur.
1752 1533 1853 1567 Porro
1864 1533 1882 1567 Ξ

338 1599 377 1620 ne
389 1591 443 1626 (vt
455 1583 551 1629 paulo
561 1581 632 1616 ante
643 1582 750 1621 docui)
762 1582 941 1616 aestimanda
952 1580 996 1616 est
1007 1582 1178 1616 hominum
1198 1581 1353 1616 conditio.
1379 1584 1425 1616 Ex
1436 1582 1578 1629 epitheto
1595 1584 1689 1614 etiam
1703 1583 1790 1628 quod
1803 1581 1882 1616 finis

310 1636 376 1670 Dei
386 1630 521 1670 ascribit,
532 1630 714 1676 colligimus
726 1630 800 1664 dura
812 1631 923 1664 militia
936 1642 993 1665 eos
1003 1632 1159 1668 exerceri,
1170 1641 1203 1664 vt
1214 1629 1487 1677 probeturcorum
1501 1630 1594 1664 fides.
1616 1630 1697 1663 Non
1715 1631 1800 1662 enim
1810 1632 1883 1675 pios

309 1683 360 1717 vel
372 1679 468 1715 iustos
479 1681 639 1715 nominat,
650 1677 703 1711 sed
717 1677 1088 1734 expectanteslehouam.
1115 1678 1277 1726 Qorsum
1288 1689 1393 1713 autem
1407 1678 1459 1712 ista
1470 1679 1647 1724 expectatio
1659 1699 1668 1715 ,
1680 1678 1734 1710 nisi
1746 1676 1799 1710 sub
1811 1690 1880 1711 cru-
1928 1719 1930 1721 Ι

311 1732 358 1764 cis
370 1740 466 1763 onere
478 1727 662 1774 gemerent?
673 1726 833 1759 Caeterum
844 1737 932 1761 terrae
942 1725 1088 1774 posseffio
1097 1739 1192 1773 quam
1204 1725 1278 1760 filiis
1286 1728 1349 1761 Dei
1360 1727 1531 1774 promittit,
1541 1738 1609 1759 non
1618 1725 1741 1771 semper
1751 1726 1795 1759 est
1804 1737 1883 1760 ocu-

310 1778 349 1812 lis
358 1774 506 1823 exposita,
517 1775 593 1829 qnia
603 1777 632 1808 δε
643 1775 832 1820 peregrinos
844 1777 874 1807 in
885 1787 919 1808 ea
930 1777 1033 1821 vagari
1045 1786 1175 1820 oportet
1185 1797 1194 1812 ‚
1207 1787 1263 1808 nec
1271 1779 1386 1821 patitur
1402 1776 1566 1808 Dominus
1582 1772 1686 1808 sedem
1698 1774 1750 1820 νίς]
1757 1786 1826 1807 uam
1842 1773 1882 1806 fi-

314 1825 478 1871 gerezquin
489 1833 597 1869 potius
608 1825 803 1866 circumagit,
813 1833 845 1854 vt
856 1823 986 1856 alacrius
997 1824 1033 1855 ad
1044 1822 1196 1856 caeiestem
1215 1825 1354 1868 quietem
1372 1822 1514 1868 aspirent.
1539 1823 1628 1856 Caro
1647 1823 1734 1855 enim
1755 1823 1880 1867 semper
1924 1840 1927 1845 i

313 1871 367 1907 hic
377 1872 506 1905 nidulari
518 1872 612 1915 cupit.
624 1872 710 1916 atqui
723 1868 779 1902 nni
794 1870 953 1904 instabiles
962 1867 1022 1903 huc
1035 1873 1064 1903 δι
1076 1870 1149 1903 illuc
1161 1868 1312 1907 feramur,
1325 1869 1450 1915 obrepit
1460 1870 1525 1903 caeli
1536 1881 1569 1903 ac
1578 1879 1697 1902 aeternae
1715 1867 1882 1902 haeredita-

313 1923 354 1954 tis
365 1918 534 1952 obliuio.ln
544 1917 600 1950 hac
613 1928 720 1949 tamen
733 1917 951 1961 inquietudine
962 1928 1028 1950 non
1041 1919 1168 1963 eripitur
1179 1918 1233 1950 ista
1243 1928 1331 1951 terrae
1344 1916 1488 1962 poiieffio
1499 1920 1583 1951 cuius
1596 1919 1744 1950 meminit
1764 1918 1884 1951 Dauid:

313 1970 388 2012 quia
399 1969 429 1999 δε
440 1964 525 1998 certo
537 1962 672 1997 sciuntse
684 1965 849 2008 legitimos
858 1963 919 1997 effe
931 1965 1040 1998 mundi
1051 1963 1204 1997 haeredes:
1222 1966 1303 1998 vnde
1313 1964 1347 1999 fit
1360 1977 1392 1998 vt
1403 1966 1574 2010 tranquilla
1595 1963 1783 1998 conscientia
1802 1978 1883 2011 pane

312 2014 372 2050 suo
384 2012 586 2047 vescantur:&
599 2015 736 2057 quanuis
746 2011 1092 2056 inopialaboret‚Deus
1102 2023 1207 2046 tamen
1221 2012 1359 2058 ipsorum
1372 2012 1604 2047 nccessitatibus
1616 2015 1646 2047 in
1658 2023 1804 2058 tempore
1816 2011 1867 2048 suc
1877 2035 1884 2042 ·

315 2064 420 2097 currit.
430 2058 596 2094 Postremo
607 2060 740 2105 quanuis
751 2057 766 2092 ὲ
778 2059 898 2092 mundo
914 2072 969 2093 eos
980 2061 1189 2093 exterminate
1198 2071 1351 2094 conentur
1363 2061 1492 2107 impij&
1504 2061 1656 2107 indiguos
1666 2071 1813 2106 reputent
1826 2064 1880 2108 qui

315 2110 434 2145 hauriat
443 2119 652 2142 communem
662 2108 766 2140 aerem
776 2128 786 2144 ‚
796 2106 886 2140 Deus
901 2117 1008 2140 tamen
1019 2117 1140 2140 extenta
1152 2120 1244 2140 manu
1257 2120 1310 2142 eos
1320 2112 1474 2155 protegit.
1486 2111 1636 2156 Dei-nque
1648 2109 1686 2142 fic
1697 2121 1752 2142 eos
1764 2119 1879 2144 virtute

316 2159 367 2192 sua
378 2155 550 2194 sustinet‚vt
559 2153 691 2188 securius
704 2156 734 2187 in
744 2154 836 2188 exilio
846 2156 964 2193 viuant,
973 2153 1067 2201 quim
1079 2155 1168 2201 impij
1179 2156 1209 2189 in
1222 2154 1276 2189 suo
1288 2156 1365 2191 nido
1376 2159 1424 2190 cui
1435 2156 1515 2191 affixi
1525 2157 1604 2192 sunt.
1630 2160 1674 2191 Ita
1686 2156 1746 2190 hoc
1757 2156 1879 2192 bonum
1920 2188 1922 2190 .

316 2205 410 2253 quod
429 2203 565 2239 celebrat
578 2201 696 2240 Dauid,
707 2205 840 2237 interius
849 2202 892 2237 est
901 2215 933 2236 ac
944 2203 1103 2236 occultum
1115 2215 1149 2236 ex
1159 2213 1262 2249 parte,
1274 2207 1345 2249 quia
1359 2217 1424 2238 non
1443 2208 1526 2253 capit
1536 2207 1634 2239 carnis
1653 2203 1763 2238 nostrae
1773 2203 1879 2251 stupor

316 2253 396 2300 quid
408 2251 443 2285 sit
451 2250 608 2298 possidere
625 2259 753 2284 terram.
781 2251 822 2284 Et
831 2261 939 2284 tamen
949 2251 1021 2285 vere
1030 2263 1064 2284 ac
1074 2250 1232 2284 luculento
1240 2249 1350 2285 effectu
1364 2252 1497 2287 sentiunt
1507 2253 1693 2291 fideles,non
1705 2251 1812 2287 frustra
1822 2252 1880 2289 fibi

318 2302 395 2336 illud
406 2298 589 2348 promissum
600 2297 824 2344 elle:qu0niatn
837 2300 960 2332 iaciant
977 2300 1084 2332 Deum
1103 2297 1239 2332 anchora
1250 2303 1346 2333 vitam
1368 2302 1406 2334 de
1418 2301 1467 2335 die
1478 2305 1509 2335 in
1530 2301 1613 2336 diem
1632 2302 1756 2348 placide
1770 2301 1879 2336 transis

316 2359 410 2396 gunt.
429 2349 471 2382 Et
482 2349 571 2381 Deus
580 2358 614 2379 re
628 2345 689 2392 ipsa
700 2345 835 2380 declarat
846 2345 992 2380 vmbram
1007 2359 1117 2380 manus
1127 2345 1183 2379 suae
1193 2347 1228 2379 ad
1239 2359 1294 2379 eos
1305 2350 1439 2383 tuendos
1451 2347 1598 2383 sufficere.

352 2408 390 2430 10
430 2399 472 2429 Et
481 2394 580 2429 adhuc
589 2394 754 2442 paululum.
792 2393 1011 2428 Confirmatio
1022 2395 1173 2440 proximae
1183 2393 1495 2431 sententiae,obiicere
1506 2401 1589 2432 enim
1601 2409 1783 2445 promptum
1795 2397 1879 2438 esset,

314 2442 414 2488 longe
426 2444 520 2476 alium
533 2441 643 2475 mundi
657 2442 768 2475 statum
780 2441 901 2475 anobis
914 2441 1158 2489 conspicbquhm
1171 2442 1428 2488 praedicetDauid
1441 2467 1449 2480 ‚
1459 2449 1530 2491 quia
1542 2446 1631 2492 impij
1644 2459 1674 2480 in
1689 2448 1748 2481 suis
1759 2447 1880 2481 deliciis

316 2491 469 2528 exultant,
478 2488 586 2523 fideles
596 2490 673 2523 vero
684 2488 802 2523 affiduo
811 2490 964 2536 languore
981 2489 1091 2524 misere
1101 2488 1382 2538 tabescunt.1taque
1393 2494 1409 2527 ὲ
1419 2495 1567 2539 praecipiti
1579 2496 1698 2528 iudicio
1714 2508 1774 2529 nos
1785 2508 1880 2529 reuo.

315 2551 403 2575 cans,
416 2538 454 2571 ad
465 2538 612 2583 exiguum
624 2548 749 2584 tempus
758 2537 916 2583 quiescere
925 2549 984 2571 nos
994 2537 1166 2573 iubendum
1177 2537 1323 2573 radicitus
1332 2539 1404 2574 illos
1415 2542 1580 2576 Dominus
1589 2543 1818 2590 cuellatzgratiae
1828 2555 1884 2578 ve-

318 2588 356 2623 ro
366 2586 422 2620 suae
432 2583 602 2619 efficaciam
614 2597 686 2631 erga
697 2585 906 2619 eosdeclaret.
943 2587 1034 2619 Hanc
1045 2597 1121 2632 ergo
1132 2585 1329 2630 prudentiam
1342 2591 1358 2623 ὲ
1369 2587 1516 2624 fidelibus
1528 2592 1675 2636 requirit,
1686 2602 1717 2625 vt
1728 2593 1883 2625 iudicium

320 2635 410 2669 suum
421 2631 572 2679 paulisper
586 2631 782 2678 suspendant,
798 2633 901 2668 donec
912 2633 929 2668 ὲ
938 2634 1015 2668 caelo
1023 2633 1169 2667 ostendat
1177 2635 1267 2667 Deus
1276 2635 1374 2669 adesse
1386 2647 1511 2683 tempus
1521 2639 1831 2685 plenitudinis:atque
1842 2643 1886 2674 ita

323 2695 389 2716 non
401 2678 555 2714 subfistant
567 2683 599 2713 in
610 2678 740 2727 singulis
750 2680 989 2718 momentis‚sed
999 2692 1139 2715 mentem
1155 2682 1321 2717 extendant
1332 2685 1369 2718 ad
1380 2685 1445 2718 Dei
1455 2685 1700 2731 prouidentiam.
1711 2686 1810 2732 Qod
1822 2690 1884 2723 nuc

323 2742 383 2777 pro
393 2726 626 2775 expetffiantibus
638 2727 806 2766 lchouam,
818 2729 998 2772 Manfiaetos
1006 2731 1231 2775 ponit,optima
1241 2733 1363 2766 ratione
1379 2734 1500 2766 nititur.
1517 2727 1586 2766 Ni'fi
1597 2736 1680 2766 enim
1693 2739 1762 2780 quis
1774 2734 1882 2771 ssatuat

323 2779 434 2812 Deum
449 2775 636 2810 mirabiliter
647 2774 720 2808 suos
731 2778 811 2809 tueri
822 2789 888 2809 non
899 2776 984 2811 secus
992 2789 1085 2824 atque
1094 2788 1170 2811 oues
1180 2779 1362 2825 interlupos
1374 2800 1384 2817 ‚
1395 2782 1459 2813 vim
1475 2782 1505 2813 vi
1515 2781 1666 2826 repellere
1679 2781 1800 2829 semper
1810 2794 1881 2817 teri-

323 2824 488 2860 tabit.Sola
504 2826 596 2870 igitur
604 2822 670 2869 spes
683 2822 925 2858 mansuetudine
934 2838 970 2859 ex
982 2825 1010 2859 se
1019 2827 1113 2872 parit,
1125 2826 1198 2870 quia
1207 2824 1366 2861 fraenando
1376 2827 1474 2861 carnis
1491 2829 1627 2873 impetus
1635 2851 1645 2866 ‚
1657 2827 1883 2878 seruore‘mque

325 2872 528 2920 placando‚ad
537 2873 720 2917 aequitatem
733 2872 764 2903 δι
777 2870 950 2905 toletanam
963 2873 1062 2907 erudit
1072 2874 1125 2919 qui
1137 2872 1164 2905 se
1175 2872 1251 2906 Deo
1269 2873 1446 2908 subiiciunt.
1465 2877 1572 2921 Atque
1583 2874 1655 2910 hinc
1665 2879 1787 2912 videtur
1799 2877 1886 2913 sum-

327 2919 414 2966 pfiffe
421 2917 566 2953 Christus
577 2918 666 2965 quod
676 2915 810 2951 habetur
826 2917 966 2954 Matrhaei
978 2930 1080 2967 cap.5.
1090 2931 1116 2952 a·
1125 2929 1152 2964 5.
1177 2920 1240 2954 Etsi
1251 2932 1354 2956 autem
1373 2923 1460 2956 Pacis
1476 2935 1594 2956 nomen
1606 2926 1794 2970 generaliter
1807 2925 1889 2974 apud

327 2967 484 3002 Hebraeos
495 2967 625 3001 sumitur
634 2977 692 3012 pro
703 2967 795 3000 omni
808 2965 961 3012 prospero
972 2981 1075 3002 rerum
1086 2965 1343 3005 successu,melius
1355 2981 1458 3004 tameu
1469 2968 1541 3003 huic
1551 2972 1625 3005 loco
1636 2984 1805 3008 conueniet
1815 2976 1890 3008 alter

330 3012 534 3060 sensus,quod
544 3014 620 3047 dum
635 3015 728 3060 impij
740 3012 847 3046 turbas
857 3012 912 3048 sibi
924 3015 1100 3050 monebunt
1112 3037 1122 3053 ‚
1133 3018 1164 3049 δί
1173 3017 1262 3049 Deus
1271 3018 1409 3063 vndique
1419 3016 1498 3062 ipsos
1514 3019 1688 3054 terroribus
1703 3021 1891 3068 implicabit,
1920 3026 1923 3034 ¹

331 3059 441 3094 fideles
454 3061 482 3094 se
493 3062 591 3096 multa
602 3072 678 3107 pace
687 3059 910 3095 oblectabunt:
922 3075 988 3097 non
999 3063 1086 3109 quod
1096 3073 1237 3109 expertes
1248 3062 1306 3099 sint
1316 3067 1422 3098 omnis
1433 3064 1582 3100 molestiae
1593 3090 1602 3105 ,
1612 3067 1661 3101 sed
1673 3072 1747 3115 quia
1757 3071 1891 3102 interior

330 3110 429 3143 animi
440 3109 648 3156 tranquillitas
657 3108 732 3144 illos
745 3107 865 3148 fulciet,
873 3119 907 3144 vt
917 3118 1179 3147 momentaneum
1190 3108 1250 3146 effe
1259 3122 1437 3160 reputantes
1454 3114 1605 3162 quicquid
1615 3116 1886 3163 perturbationum

1730 3162 1888 3202 sustinent.
